<?xml version="1.0" encoding="UTF-8"?><collection xmlns="http://www.loc.gov/MARC21/slim"><record><leader>00491nam--2200193-i-4500</leader><controlfield tag="001">000030211</controlfield><controlfield tag="002">20161230</controlfield><controlfield tag="005">20161230201038</controlfield><controlfield tag="008">060222s1000------------r-----000-0-rus-d</controlfield><datafield ind1=" " ind2=" " tag="040"><subfield code="a">IFIN-HH</subfield></datafield><datafield ind1=" " ind2=" " tag="041"><subfield code="a">rus</subfield></datafield><datafield ind1=" " ind2=" " tag="080"><subfield code="a">535.372</subfield></datafield><datafield ind1="1" ind2=" " tag="100"><subfield code="a">Gaiduk, M.I</subfield></datafield><datafield ind1="1" ind2="0" tag="245"><subfield code="a">Spectri liuminestentii evropia</subfield><subfield code="c">M.i. gaiduk; v.f. zolii; l.s. gaigheroba</subfield></datafield><datafield ind1=" " ind2=" " tag="260"><subfield code="a">Moskva</subfield><subfield code="b">Nauka</subfield><subfield code="c">1974</subfield></datafield><datafield ind1=" " ind2=" " tag="300"><subfield code="a">195P</subfield></datafield><datafield ind1="1" ind2=" " tag="700"><subfield code="a">Gaigherova, L.S</subfield></datafield><datafield ind1=" " ind2=" " tag="852"><subfield code="a">42807</subfield><subfield code="c">535.37</subfield></datafield><datafield ind1=" " ind2=" " tag="CAT"><subfield code="a">Sys</subfield><subfield code="c">20110426</subfield><subfield code="h">131159</subfield></datafield></record></collection>